/home/alex/Research/Bib/lascarides.bib