@Book{miller99:_stron,
  author = 	 {Philip Miller},
  title = 	 {Strong generative capacity: The semantics of
                  linguistic formalism},
  publisher = 	 {CSLI Publications},
  year = 	 1999}

