%%%
%%% References for the Computational Intelligence manuscript
%%% Updated: 2008/12/23
%%%

@Book{appelt:planning,
  author =    "D. Appelt",
  title =     "Planning English Sentences",
  publisher = "Cambridge University Press",
  address =   "Cambridge, England",
  pages =     171,
  year =      1985
}

@InProceedings{AreKolStr08,
  author = 	  {Carlos Areces and Alexander Koller and Kristina Striegnitz},
  title = 	  {Referring expressions as formulas of description logic},
  booktitle = {Proceedings of the Fifth International Natural Language
              Generation Conference},
  address =   "Salt Fork, Ohio, USA",
  pages =     "42--49",
  year = 	  2008
}

@InProceedings{benotti08b,
  author = 	  {Luciana Benotti},
  title = 	  {Accommodation through tacit sensing},
  booktitle = {Proceedings of the 12th Workshop on the
              Semantics and Pragmatics of Dialogue},
  address =   "London, United Kingdom",
  pages =     "75--82",
  year = 	  2008
}

@Article{Blum1997,
  author =    {A. Blum and M. Furst},
  title =     {Fast planning through graph analysis},
  journal =   "Artificial Intelligence",
  volume =    90,
  pages =     "281--300",
  year =      1997
}

@Article{Botea-etal:05,
  author =    "Adi Botea and Markus Enzenberger and
              Martin M{\"{u}}ller and Jonathan Schaeffer",
  title =     "Macro-{FF}: {I}mproving {AI} planning with automatically
              learned macro-operators",
  journal =   "Journal of Artificial Intelligence Research",
  volume =    24,
  pages =     "581--621",
  year =      2005
}

@Article{Bryce:07,
  author =    "Daniel Bryce and Subbarao Kambhampati",
  title =     "A Tutorial on Planning Graph-Based Reachability Heuristics",
  journal =   "{AI} Magazine",
  volume =    28,
  number =    1,
  pages =     "47--83",
  year =      2007
}

@Article{HoffmannNebel01,
  author =    {J. Hoffmann and B. Nebel},
  title =     {The {FF} Planning System: Fast Plan Generation Through
              Heuristic Search},
  journal =   "Journal of Artificial Intelligence Research",
  volume =    14,
  pages =     "253--302",
  year =      2001
}

@Article{Hoffmann-Edelkamp:05,
  author =    {J\"{o}rg Hoffmann and Stefan Edelkamp},
  title =     {The Deterministic Part of {IPC}-4: An Overview},
  journal =   "Journal of Artificial Intelligence Research",
  volume =    24,
  pages =     "519--579",
  year =      2005
}

@Book{hovy88,
 author =     {Eduard Hovy},
 title =      {Generating natural language under pragmatic constraints},
 publisher =  {Lawrence Erlbaum Associates},
 address =    {Hillsdale, NJ, USA},
 pages =      224,
 year =       1988
}

@InProceedings{hsu06:_new_featur_in_sgplan_for,
  author = 	  {C. W. Hsu and B. W. Wah and R. Huang and Y. X. Chen},
  title = 	  {New Features in {SGP}lan for Handling Soft Constraints
              and Goal Preferences in {PDDL} 3.0},
  booktitle = {Proceedings of the Fifth International Planning Competition,
              16th International Conference on Automated Planning and
              Scheduling},
  address =   "The English Lake District, Cumbria, United Kingdom",
  pages =     "39--41",
  year = 	  2006
}

@InCollection{joshi;etal1997,
  author =    {A. Joshi and Y. Schabes},
  title =     {Tree-{A}djoining {G}rammars},
  booktitle = {Handbook of Formal Languages},
  volume = 3,
  editor =    {G. Rozenberg and A. Salomaa},
  publisher = {Springer-Verlag},
  address =   "Berlin, Germany",
  pages =     "69--123",
  year =      1997
}
%vol. 3: beyond words
%chapter =   2,

@InProceedings{alexander07:_shared_task_propos_ORIGINAL,
  author = 	  {Alexander Koller and Johanna Moore and Barbara di Eugenio
              and James Lester and Laura Stoia and Donna Byron
              and Jon Oberlander and Kristina Striegnitz},
  title = 	  {Shared Task Proposal: Instruction Giving in Virtual Worlds},
  booktitle = {Working group reports of the Workshop on Shared Tasks and
              Comparative Evaluation in Natural Language Generation},
  editor = 	  {Michael White and Robert Dale},
  year = 	  2007
}

@InProceedings{alexander07:_shared_task_propos,
  author = 	  {Alexander Koller and Johanna Moore and Barbara di Eugenio
              and James Lester and Laura Stoia and Donna Byron
              and Jon Oberlander and Kristina Striegnitz},
  title = 	  {Instruction Giving in Virtual Worlds},
  booktitle = {Workshop Report of the Workshop on Shared Tasks and
              Comparative Evaluation in Natural Language Generation},
  editor = 	  {Robert Dale and Michael White},
  chapter =   5,
  pages =     "47--55",
  address =   "Arlington, VA, USA",
  year = 	  2007
}

@InProceedings{KolSto07, 
  author =    {A. Koller and M. Stone},
  title  =    {Sentence generation as planning}, 
  booktitle = {Proceedings of the 45th Annual Meeting of the Association
              of Computational Linguistics},
  address =   {Prague, Czech Republic},
  pages =     "336--343",
  year   =    2007
} 

@InProceedings{KolStr02,
  author =    {A. Koller and K. Striegnitz},
  booktitle = "Proceedings of the 40th Annual Meeting of the Association
              for Computational Linguistics",
  title =     {Generation as Dependency Parsing},
  address =   "Philadelphia, PA, USA",
  pages =     "17--24",
  year =      2002
}

@TechReport{PDDL,
  author =    "Drew McDermott and
              {the {AIPS-98} Planning Competition Committee}",
  title =     "{PDDL} -- {T}he {P}lanning {D}omain
              {D}efinition {L}anguage",
  type =      "Technical Report",
  institution = "Yale Center for Computational Vision and Control",
  number =    "CVC TR-98-003/DCS TR-1165",
  pages =     27,
  year =      1998
}

@Article{DBLP:journals/jair/NauAIKMWY03,
  author    = {Dana S. Nau and Tsz-Chiu Au and Okhtay Ilghami
              and Ugur Kuter and J. William Murdock and Dan Wu
              and Fusun Yaman},
  title     = {{SHOP2}: {A}n {HTN} Planning System},
  journal   = "Journal of Artificial Intelligence Research",
  volume    = 20,
  pages     = "379--404",
  year      = 2003
}

@Article{perrault80,
 author =     {C. Raymond Perrault and James F. Allen},
 title =      {A plan-based analysis of indirect speech acts},
 journal =    {American Journal of Computational Linguistics},
 volume =     6,
 number =     "3--4",
 pages =      "167--182",
 year =       1980
}

@Book{reiter00building,
  author =    "Ehud Reiter and Robert Dale",
  title =     "Building Natural Language Generation Systems",
  publisher = "Cambridge University Press",
  address =   "Cambridge, England",
  pages =     248,
  year =      2000
}

@InProceedings{Steedman-Petrick:07,
  author =    "Mark Steedman and Ronald P. A. Petrick",
  title =     "Planning Dialog Actions",
  booktitle = "Proceedings of the Eighth {SIG}dial Workshop on Discourse
              and Dialogue",
  address =   "Antwerp, Belgium",
  pages =     "265--272",
  year =      2007
}

@Article{Stone2003a,
  author =    {M. Stone and C. Doran and B. Webber and T. Bleam and M. Palmer},
  title =     {Microplanning with Communicative Intentions: The {SPUD} System},
  journal =   "Computational Intelligence",
  volume =    19,
  number =    4,
  pages =     "311--381",
  year =      2003
}

@InProceedings{Tovey-Koenig:2000,
  author =    "Craig Tovey and Sven Koenig",
  title =     "Gridworlds as Testbeds for Planning with Incomplete
              Information",
  booktitle = "Proceedings of the 17th National Conference on
              Artificial Intelligence",
  address =   "Austin, TX, USA",
  pages =     "819--824",
  year =      2000
}

@InProceedings{young94dpocl,
  author =    "R. Michael Young and Johanna D. Moore",
  title =     "{DPOCL}: a principled approach to discourse planning",
  booktitle = "Proceedings of the Seventh International Workshop on
              Natural Language Generation",
  address =   "Kennebunkport, Maine, USA",
  pages =     "13--20",
  year =      1994
}

@InProceedings{ByrKolStrCasDalMooObe09, 
   author = {Donna Byron and Alexander Koller and Kristina 
             Striegnitz and Justine Cassell and Robert Dale and 
             Johanna Moore and Jon Oberlander}, 
   title  = {Report on the First NLG Challenge on Generating 
             Instructions in Virtual Environments (GIVE)}, 
   year   = 2009, 
   booktitle = {Proceedings of the 12th European Workshop on Natural 
             Language Generation}, 
   address = {Athens} 
} 

@inproceedings{ stone98textual,
    author = "Matthew Stone and Bonnie Webber",
    title = "Textual Economy through Close Coupling of Syntax and Semantics",
    booktitle = "Proceedings of the Ninth International Workshop on Natural Language Generation",
    pages = "178--187",
    year = "1998"
}

@TechReport{xtag01:_tr,
  author = 	 {{XTAG Research Group}},
  title = 	 {A Lexicalized Tree Adjoining Grammar for English},
  institution =  {IRCS, University of Pennsylvania},
  year = 	 2001,
  number =	 {IRCS-01-03},
  note = {\url{ftp://ftp.cis.upenn.edu/pub/xtag/release-2.24.2001/tech-report.pdf}}
}


@InProceedings{brenner08:_contin_multiag_plann_approac_to_situat_dialog,
  author = 	 {Michael Brenner and Ivana Kruijff-Korbayov\'a},
  title = 	 {A Continual Multiagent Planning Approach to Situated Dialogue},
  booktitle = {Proceedings of LonDial},
  year = 	 2008}


@inproceedings{stoia:08,
  author = {Laura Stoia and Darla Magdalene Shockley and Donna K.~Byron and Eric Fosler-Lussier},
  title = {{SCARE}: A Situated Corpus with Annotated Referring Expressions},
  booktitle = {Proceedings of the 6th International Conference on Language Resources and Evaluation (LREC 2008)},
  year = 2008,
}
