@book{appelt1992,
  title={{Planning English Sentences}},
  author={Appelt, D.},
  year={1985},
  publisher={Cambridge University Press},
  address = {New York, NY}
}


@article{bangalorejoshi1999,
 author = {Bangalore, Srinivas and Joshi, Aravind K.},
 title = {Supertagging: an approach to almost parsing},
 journal = {Computational Linguistics},
 volume = {25},
 number = {2},
 year = {1999},
 pages = {237--265},
 publisher = {mit press},
 address = {cambridge, ma, usa},
 }

@inProceedings{bangalorerambow2000,
  title={{Exploiting a probabilistic hierarchical model for generation}},
  author={Bangalore, S. and Rambow, O.},
  booktitle={Proceedings of ACL-2000},
  year={2000}
}

@conference{bangalore2009,
  title={{MICA: A Probabilistic Dependency Parser Based on Tree Insertion Grammars}},
  author={Bangalore, S. and Boulllier, P. and Nasr, A. and Rambow, O. and Sagot, B.},
  booktitle={Proceedings of NAACL-HLT-2009},
  year={2009}
}


@inProceedings{bangalorerambowwhittaker2001,
    title = {Evaluation Metrics for Generation},
    author = {Bangalore, S. and Rambow, O. and Whittaker, S.},
      booktitle={Proceedings of INLG-2000},
          year={2000},
}

@mastersthesis{bauer2009,
    author = {Bauer, D. },
    title = {Statistical Natural Language Generation as Planning},
    year = {2009},
    school = {Department of Computational Linguistics, Saarland University},
    address = {Saarbr\"{u}cken, Germany},
    note = {\url{http://www.coli.uni-saarland.de/~dbauer/documents/MSc_Bauer2009.pdf}}
}


@article{belz2008,
 author={Belz, A.},
 year = {2008},
 title = {Automatic generation of weather forecast texts using comprehensive probabilistic generation-space models},
 journal= {Natural Language Engineering},
 volume = {14},
 number = {4},
 pages = {431--455},
}

@inProceedings{belz2009,
  title={{System building cost vs. output quality in data-to-text generation}},
  author={Belz, A. and Kow, E.},
  booktitle={Proceedings of ENLG-2009},
  pages={16--24},
  year={2009}
}

 
@inProceedings{belzreiter2006,
  title={{Comparing automatic and human evaluation of NLG systems}},
  author={Belz, A. and Reiter, E.},
  booktitle={Proceedings of EACL.2006},
  pages={313--320},
  year={2006}
}


@article{blumfurst1997, 
    author = {Blum, A. L. and Furst, M. L.},
    title = {Fast planning through planning graph analysis},
    journal = {Artificial Intelligence},
    volume = {90},
    pages = {281--300},
    year = {1997},
    publisher = {elsevier}
}

@inProceedings{byronetal2009,
author = {Donna Byron and Alexander Koller and Kristina Striegnitz and Justine Cassell and Robert Dale and Johanna Moore and Jon Oberlander},
title = {Report on the First NLG Challenge on Generating Instructions in Virtual Environments (GIVE).},
booktitle = {Proceedings of ENLG-2009},
year = {2009}
}

@inProceedings{charniak2000,
  title={{A maximum-entropy-inspired parser}},
  author={Charniak, E.},
  booktitle={Proceedings of NACL-HLT 2000},
  pages={132--139},
  year={2000}
}


@incollection{chenschanker2004,
  title={Automated Extraction of {TAG}s from the {Penn} Treebank},
  author={Chen, J. and Shanker, V.K.},
  booktitle={{New Developments in Parsing Technology}},
  pages={73--89},
  year={2004},
  publisher={Kluwer},
  address={Norwell, MA},
  editor={Bunt H. and Carrol, J. and Satta, G.}
}

@inProceedings{chiang2000,
  author    = {David Chiang},
  title     = {statistical parsing with an automatically-extracted tree adjoining grammar},
  booktitle = {Proceedings of ACL-2000},
  month     = {october},
  year      = {2000},
  pages     = {456--463},
}

@conference{daumetal2002,
  title={{The importance of lexicalized syntax models for natural language generation tasks}},
  author={Daume III, H. and Knight, K. and Langkilde-Geary, I. and Marcu, D. and Yamada, K.},
  booktitle={Proceedings of INLG-2002},
  pages={9--16},
  year={2002}
}

@article{fikes1971,
  title={{STRIPS: A new approach to the application of theorem proving to problem solving}},
  author={Fikes, R. and Nilsson, N.J.},
  journal={Artificial intelligence},
  volume={2},
  number={3/4},
  pages={189--208},
  year={1971}
}


@inProceedings{garoufikoller2010,
    author={Garoufi, K. and Koller, A.},
    title={Automated planning for situated natural language generation},
    booktitle={Proceedings of ACL-2010},
    year={2010}
}   

@article{gazdarpullum1985,
  title={{Computationally relevant properties of natural languages and their grammars}},
  author={Gazdar, G. and Pullum, G.K.},
  journal={New Generation Computing},
  volume={3},
  number={3},
  pages={273--306},
  year={1985},
  publisher={Springer}
}


@article{geffnerbonet2001,
  title={{Planning as heuristic search}},
  author={Bonet, B. and Geffner, H.},
  journal={Artificial Intelligence},
  volume={129},
  number={1-2},
  pages={5--33},
  year={2001},
  publisher={Elsevier}
}


@article{hoffmann2003,
  title={The {Metric-FF} Planning System: Translating ``Ignoring Delete Lists'' to Numeric State Variables},
  author={Hoffmann, J.},
  journal={Journal of Artificial Intelligence Research},
  volume={20},
  pages={291--341},
  year={2003},
}

@conference{fox2002,
  title={The third international planning competition: temporal and metric planning},
  author={Fox, M. and Long, D.},
  booktitle={Proceedings of the International Conference on Artificial Intelligence Planning and Scheduling (AIPS-02)},
  pages={333--335},
  year={2002}
}

@article{gerevinietal2009,
    author = {Gerevini, A. and Haslum, P. and Long, D. and Saetti, A. and Dimopoulus, Y.},
    title = {Deterministic planning in the fifth international planning competition: PDDL3 and experimental evaluation of the planners.},
    journal = {Artificial Intelligence},
    volume = {173},
    number = {5-6},
    pages = {619--668},
    year = {2009}
}

@article{helmert2006,
  title={{The fast downward planning system}},
  author={Helmert, M.},
  journal={Journal of Artificial Intelligence Research},
  volume={26},
  number={1},
  pages={191--246},
  year={2006}
}



@article{hoffmannnebel2001,
    author = {Hoffmann, J. and Nebel, B.}, 
    title = {{The FF planning system: fast plan generation through heuristic search}}, 
    journal = {Journal of Artificial Intelligence Research},
    volume = {14},
    pages = {253--302},
    year = {2001}
}

@book{hovy1988,
  title={{Generating Natural Language Under Pragmatic Constraints}},
  author={Hovy, E.},
  year={1988},
  publisher={Lawrence Erlbaum},
  address = {Hillsdale, NJ}
}

@article{joshishabes1997,
  title={{Tree-adjoining grammars}},
  author={Joshi, A. K. and Schabes, Z.},
  journal={Handbook of formal languages, beyond words},
  editor = {Rozenberg, G. and Salomaa, A.},
  volume={3},
  year = {1997},
  publisher = {Springer},
  pages={69--123}
}

@article{joshilevytakahashi1975,
    title = {Tree adjunct grammars},
    author = {Joshi, A. K. and Levy, L.S. and Takahashi, M.},
    journal = {Journal of Computer and System Science},
    volume = {10},
    number = {1},
    year = {1975}    
}

@inpoceedings{kay1996,
    author = {Kay, M.},
    title = {Chart generation},
    booktitle = {Proceedings of ACL-1996},
    pages = {200-204},
    year = {1996}
}

@inProceedings{knight1995,
    author = {Knight, K. and Hatzivassiloglou, V. },
    title={Two-level, many-paths generation},
    booktitle={Proceedings of ACL-1995},
    year={1995}
}

@inProceedings{kolleretal2009,
  title={{The software architecture for the first challenge on generating instructions in virtual environments}},
  author={Koller, A. and Byron, D. and Cassell, J. and Dale, R. and Moore, J. and Oberlander, J. and Striegnitz, K.},
  booktitle={Proceedings of EACL-2009, demo session},
  pages={33--36},
  year={2009}
}

@inProceedings{kollerstone2007, 
   author = {Koller, A. and Stone, M.}, 
   title  = {Sentence generation as planning}, 
   year   = 2007, 
   booktitle = {Proceedings of ACL 2007}, 
} 

@inProceedings{kollerstriegnitz2002,
  title={{Generation as dependency parsing}},
  author={Koller, A. and Striegnitz, K.},
  booktitle={Proceedings of ACL 2002},
  year={2002}
}


@inProceedings{kollerpetrick2008,
  author = 	 {Alexander Koller and Ronald Petrick},
  title = 	 {Experiences with planning for natural language generation},
  booktitle = {Proceedings of Spark-08},
  year = 	 {2008}
} 


@article{kollerpetrick2009,
   author = {Koller A. and Petrick, R.},
    title = {Experiences with Planning for Natural Language Generation},
    journal = {Computational Intelligence},
    year = {2009},
    volume = {to appear}
}

@article{krochjoshi1985,
  title={{The linguistic relevance of tree adjoining grammar}},
  author={Kroch, A and Joshi, A.K.},
  journal={technical report ms-cis-85-18},
  publisher = {department of computer and information science, univ. of pennsylvania},  
  year={1985}
}

@inProceedings{langkildeknight1998,
    title={Generation that exploits corpus-based statistical knowledge},
    author={Langkilde, I. and Knight, K.},
    booktitle={Proceedings of ACL-1998},
    year={1998}
}

@inProceedings{langkildeknight1998b,
    title={The practical value of n-grams in generation},
    author={Langkilde, I and Knight, K.},
    booktitle={Proceedings of INLG-1998},
    year={1998}
}

@conference{langkilde2002,
  title={{An empirical verification of coverage and correctness for a general-purpose sentence generator}},
  author={Langkilde-Geary, I.},
  booktitle={Proceedings of INLG-2002},
  year={2002},
}

@conference{langkilde2000,
  title={{Forest-based statistical sentence generation}},
  author={Langkilde, I.},
  booktitle={Proceedings of NAACL-HLT 2000},
  year={2000}
}


@book{manningschutze1999,
  title={{Foundations of Statistical Natural Language Processing, Collocations}},
  author={Manning, C.D. and Schuetze, H.},
  year={1999},
  publisher={The MIT Press, Cambridge, Massachusetts}

}


@article{marcusetal1994,
    title={{Building a large annotated corpus of English: The Penn Treebank}},
    author={Marcus, M.P. and Santorini, B. and Marcinkiewicz, M.A.},
    journal={Computational linguistics},
    volume={19},
    number={2},
    pages={313--330},
    year={1994}
}

@incollection{nasrrambow2006,
  title={Parsing with Lexicalized Probabilistic Recursive Transition Networks},
  author={Nasr, A. and Rambow, O.},
  booktitle={Finite State Methods and Natural Language Processing},
  series = {Lecture Notes in Computer Science},
  editors={Yli-Jyr\"{a}, A. and Karttunen, L. and Karhum\"{a}ki, J.},
  volume={4002},
  pages={156--166},
  year={2006},
  publisher={Springer}
}


@book{nauetal2004,
  author={Nau, D. and Ghallab, M. and Traverso, P.},
  title={{Automated planning: theory \& practice}},
  year={2004},
  publisher={Morgan Kaufmann},
  address = {San Francisco}
}

@inProceedings{papinenietal2002,
author = {Papineni, K. and Roukos, S. and Ward, T. and and Zhu, W. J.},
year = {2002},
title = {{BLEU: a method for automatic evaluation of machine translation}},
booktitle = {Proceedings of ACL-2002},
pages = {311-318}
}


@book{reiterdale2000,
    author = {Ehud Reiter and Robert Dale},
    title = {{Building Natural Language Generation Systems}},
    year = {2000},
    publisher = {Cambridge University Press},
    address = {Cambridge, UK}
}

@inProceedings{resnik1992,
  title={{Probabilistic tree-adjoining grammar as a framework for statistical natural language processing}},
  author={Resnik, P.},
  booktitle={Proceedings of COLING-1992},
  year={1992}
}

@inProceedings{richteretal2008,
    author = {Silvia Richter and Malte Helmert and Matthias Westphal}, 
    title = {Landmarks Revisited}, 
    booktitle = {Proceedings of AAAI-2008},
    pages = {975--982},
    year = {2008}
} 

@inProceedings{richterwestphal2008,
    author = {Richter S. and Westphal, M.},
    title = {{The LAMA planner. Using landmark counting in heuristic search}},     
    booktitle = {Proceedings of the International Planning Competition (IPC-6)},
    year = {2008}
}


@book{russellnorvig2002,
  title={{Artificial intelligence: a modern approach}},
  author={Russell, S. J. and Norvig, P. and Canny, J.F. and Malik, J. and Edwards, D. D.},
  year={2002},
  edition={2nd},
  publisher={Prentice Hall},
  address = {Englewood Cliffs, NJ}
}

@article{schabesschieber1994,
  title={{An alternative conception of tree-adjoining derivation}},
  author={Schabes, Y. and Shieber, S.M.},
  journal={Computational Linguistics},
  volume={20},
  number={1},
  pages={91--124},
  year={1994},
  publisher={MIT Press Cambridge, MA, USA}
}

@article{schabeswaters1995,
  title={{Tree Insertion Grammar: Cubic-Time, Parsable Formalism that Lexicalizes Context-Free Grammar without Changing the Trees Produced}},
  author={Schabes, Y. and Waters, R.C.},
  journal={Computational Linguistics},
  volume={21},
  number={4},
  pages={479--513},
  year={1995}
}

@inProceedings{shieber1988,
  author={Shieber, S.M.},
  title={A Uniform Architecture for Parsing and Generation},
  booktitle={Proceedings of COLING-88},
  address={Budapest},
  year = {1988}
 }

@article{steedemanbaldridge2005,
    author = {Mark Steedman and Jason Baldridge},
    title = {Combinatory categorial grammar},
    journal = {Non-transformational syntax},
    publisher = {Blackwel},
    editor = {Borsley, R. and Borjars, K.},
    year = {2005}
}

@inProceedings{VijaySchankerJoshi1985,
   author = {Vijay-Schanker, K. and Joshi, A. K.}, 
   title = {Some computational properties of tree adjoining grammars},
   booktitle = {Proceedings of ACL-85},
   year = {1985}       
}



@inProceedings{vijayschankerjoshi1988,
    author = {Vijay-Shanker, K. and :oshi, A.K.},
    year = {1988},
    title = {Feature structure based tree adjoining grammars},
    booktitle = {Proceedings of ACL-88}
}
    

@inProceedings{schabesjoshi1988,
    author = {Schabes, Y and Joshi, A. K.}, 
    title = {An earley-type parsing algorithm for tree adjoining grammars},
    booktitle = {Proceedings of ACL-88},
    year = {1988}       
}



@inProceedings{stonedoran1997,
 author = {Stone, M. and Doran, C.},
 title = {Sentence planning as description using tree-adjoining grammar},
 booktitle = {Proceedings of ACL-97},
 year = {1997}
}

@inProceedings{whitebaldridge2003,
  title={Adapting Chart Realization to {CCG}},
  booktitle = {Proceedings of ENLG-2003},
  author={White, M. and Baldridge, J.},
  year = {2003}
}

@inProceedings{white2004,
  title={Reining in {CCG} chart realization},
  booktitle = {Proceedings of INLG-2004},
  author={White, M.},
  year = {2004}
}


@techreport{xtag2001,
  author = 	 {{XTAG Research Group}},
  title = 	 {A lexicalized tree adjoining grammar for English},
  institution =  {IRCS, University of Pennsylvania},
  year = 	 {2001},
  number =	 {IRCS-01-03}
}


@Article{Stone2003a,
  author =    {Stone, M. and Doran, C. and Webber, B. and Bleam, T. and Palmer, M.},
  title =     {Microplanning with Communicative Intentions: The {SPUD} System},
  journal =   "Computational Intelligence",
  volume =    19,
  number =    4,
  pages =     "311--381",
  year =      2003
}

@inProceedings{ stone98textual,
    author = "Stone M. and Webber, B.",
    title = {Textual Economy through Close Coupling of Syntax and Semantics},
    booktitle = "Proceedings of INLG-98",
    year = "1998"
}

@InProceedings{KolHof10, 
   author = {Koller, A and Hoffmann, J.},
   title  = {Waking up a sleeping rabbit: {O}n natural-language 
             generation with {FF}}, 
   year   = {2010}, 
   booktitle = {Proceedings of ICAPS-2010}
}

@article{zhongstent2005,
  title={{Building surface realizers automatically from corpora}},
  author={Zhong, H. and Stent, A.},
  journal={Proceedings of UCNLG05},
  year={2005},
} 


@InProceedings{white04:_reinin_in_ccg_chart_realiz,
  author = 	 {Michael White},
  title = 	 {Reining in {CCG} chart realization},
  booktitle = {Proceedings of the 3rd INLG},
  year = 	 2004}

