@misc{CSC09,
  key = {CSC},
  title = {{Fourth International Constraint Solver Competition}},
  year = 2009,
  howpublished = {http://www.cs.ucc.ie/cpai/09/}
}

@misc{MZC09,
  key = {MiniZinc Challenge},
  title = {{MiniZinc Challenge}},
  year = 2009,
  howpublished = {http://www.g12.cs.mu.oz.au/minizinc/challenge2009/\\challenge.html}
}

@misc{SATCompetition,
  title = {{International SAT Competition}},
  year = 2009,
  howpublished = {http://www.satcompetition.org/}
}

@misc{SATRace,
  title = {{SAT-Race}},
  year = 2008,
  howpublished = {http://baldur.iti.uka.de/sat-race-2008/}
}

@inproceedings{ToughNuts,
  title = {A ``{Tough Nuts}'' track for the {IPC}},
  author = {J\"org Hoffmann},
  booktitle = {Proceedings of the Workshop International Planning Competition: Past, Present and Future, at ICAPS'07},
  year = 2007,
  month = Sep,
  location = "Providence, USA"
}

@INPROCEEDINGS{pg2008002,
	author = "P. Gregory and A. Lindsay",
	title = "The Dimensions of Driverlog",
	booktitle = "Proceedings of the UK PlanSIG",
	year = "2007",
}
